<?xml version="1.0" encoding="UTF-8"?><record xmlns="http://www.loc.gov/MARC21/slim" xmlns:cinclude="http://apache.org/cocoon/include/1.0" xmlns:zs="http://www.loc.gov/zing/srw/">
  <leader>00419nz  a2200121n  4500</leader>
  <controlfield tag="001">n  99057425 </controlfield>
  <controlfield tag="003">DLC</controlfield>
  <controlfield tag="005">19990813160804.0</controlfield>
  <controlfield tag="008">990811n| acannaabn          |n aaa |||  </controlfield>
  <datafield tag="010" ind1=" " ind2=" ">
    <subfield code="a">n  99057425 </subfield>
  </datafield>
  <datafield tag="040" ind1=" " ind2=" ">
    <subfield code="a">DLC</subfield>
    <subfield code="b">eng</subfield>
    <subfield code="c">DLC</subfield>
  </datafield>
  <datafield tag="100" ind1="1" ind2=" ">
    <subfield code="a">Kasekamp, Andres,</subfield>
    <subfield code="d">1966-</subfield>
  </datafield>
  <datafield tag="670" ind1=" " ind2=" ">
    <subfield code="a">The radical right in interwar Estonia, 1999:</subfield>
    <subfield code="b">CIP t.p. (Andres Kasekamp, lect. in contemporary history, University of Tartu) data sheet (b. Dec. 7, 1966)</subfield>
  </datafield>
</record>